@book{Random,
title = {A Random Walk Down Wall Street},
publisher = {W. W. Norton & Company, Inc.},
year = {1973},
author = {Burton Malkiel}
}

@article{Efficient,
title = {Efficient Capital Markets: A Review of Theory and Empirical Work},
author = {Fama, Eugene},
journal = {Journal of Finance},
year = {1970}
}

@article{Critics,
Author = {Malkiel, Burton G.},
Title = {The Efficient Market Hypothesis and Its Critics },
Journal = {Journal of Economic Perspectives},
Year = {2003}
}

@article{Critics2,
author = {Shostak, Frank},
title = {In defense of fundamental analysis: A critique of the efficient market hypothesis},
journal = {The Review of Austrian Economics},
year={1997}
}

@article{AlphaGo,
title	= {Mastering the game of Go with deep neural networks and tree search},
author	= {David Silver and Aja Huang and Christopher J. Maddison and Arthur Guez and Laurent Sifre and George van den Driessche and Julian Schrittwieser and Ioannis Antonoglou and Veda Panneershelvam and Marc Lanctot and Sander Dieleman and Dominik Grewe and John Nham and Nal Kalchbrenner and Ilya Sutskever and Timothy Lillicrap and Madeleine Leach and Koray Kavukcuoglu and Thore Graepel and Demis Hassabis},
year	= {2016},
journal	= {Nature}
}

@misc{lample2018playing,
      title={Playing FPS Games with Deep Reinforcement Learning}, 
      author={Guillaume Lample and Devendra Singh Chaplot},
      year={2018},
}

@INPROCEEDINGS{9040728,
  author={L. {Chen} and Q. {Gao}},
  booktitle={2019 IEEE 10th International Conference on Software Engineering and Service Science (ICSESS)}, 
  title={Application of Deep Reinforcement Learning on Automated Stock Trading}, 
  year={2019},
}


@misc{portfolio,
      title={Machine Learning Optimization Algorithms & Portfolio Allocation}, 
      author={Sarah Perrin and Thierry Roncalli},
      year={2019}
}

@inproceedings{sentiment,
  title={Algorithmic Trading using Sentiment Analysis and Reinforcement Learning},
  author={S. Kaur},
  year={2017}
}

@ARTICLE{surveyDRL,
  author={K. {Arulkumaran} and M. P. {Deisenroth} and M. {Brundage} and A. A. {Bharath}},
  title={Deep Reinforcement Learning: A Brief Survey}, 
  year={2017}
}

@misc{duel,
author={Li Y. and Ni P. and Chang, V.},
title={Application of deep reinforcement learning in stock trading strategies and stock forecasting},
journal={IEEE Signal Processing Magazine}, 
year={2019}
}

@misc{théate2020application,
      title={An Application of Deep Reinforcement Learning to Algorithmic Trading}, 
      author={Thibaut Théate and Damien Ernst},
      year={2020}
}

@misc{huang2018financial,
      title={Financial Trading as a Game: A Deep Reinforcement Learning Approach}, 
      author={Chien Yi Huang},
      year={2018},
}


@article{Pseudo-Mathematics,
  title={Pseudo-Mathematics and Financial Charlatanism: The Effects of Backtest Overfitting on Out-of-Sample Performance},
  author={David H. Bailey and J. Borwein and Marcos Lopez de Prado and Qiji Jim Zhu},
  journal={Optimization eJournal},
  year={2014}
}

@misc{deepQtrader,
author={Yang Wang and Dong Wang and Shiyue Zhang and Yang Feng and Shiyao Li and Qiang Zhou},
title = {Deep Q-trading},
year = {2017}
}

@misc{zhang2019deep,
      title={Deep Reinforcement Learning for Trading}, 
      author={Zihao Zhang and Stefan Zohren and Stephen Roberts},
      year={2019}
}

@misc{meta,
      title={Evaluating the Performance of Machine Learning Algorithms in Financial Market Forecasting: A Comprehensive Survey}, 
      author={Lukas Ryll and Sebastian Seidens},
      year={2019}
}



@misc{fischer,
title={Foundations of Financial Mathematics},
author={Tom Fischer},
note={University of Wuerzburg},
year={2020}
}

@misc{hahn,
title={Numerik 1: Definitionen und Sätze},
author={Bernadette Hahn},
note={University of Wuerzburg},
year={2020}
}


@techreport{meanreversion,
 title = {Mean Reversion in Stock Prices:  Evidence and Implications},
 author = {Poterba, James M and Summers, Lawrence H},
 institution = {National Bureau of Economic Research},
 year = {1987}
}

@misc{rechenthin,
publisher = {University of Iowa},
title = {Machine-learning classification techniques for the analysis and prediction of high-frequency stock direction},
author = {Rechenthin, Michael David},
}

@inproceedings{moodysaffell,
 author = {Moody, John and Saffell, Matthew},
 booktitle = {Advances in Neural Information Processing Systems},
 publisher = {MIT Press},
 title = {Reinforcement Learning for Trading},
 year = {1999}
}


@misc{antari,
      title={Playing Atari with Deep Reinforcement Learning}, 
      author={Volodymyr Mnih and Koray Kavukcuoglu and David Silver and Alex Graves and Ioannis Antonoglou and Daan Wierstra and Martin Riedmiller},
      year={2013},
}

@misc{chan,
author = {Ernie Chan},
title = {Quantitative trading: How to build your own algorithmic trading business},
publisher = {John Wiley & Sons},
year = {2009}
}


@INPROCEEDINGS{moodywu,  
author={J. {Moody} and  {Lizhong Wu}},  
booktitle={Proceedings of the IEEE/IAFE 1997 Computational Intelligence for Financial Engineering (CIFEr)},   
title={Optimization of trading systems and portfolios},   
year={1997}
}

@misc{highfrequ,
      title={A Deep Reinforcement Learning Framework for Continuous Intraday Market Bidding}, 
      author={Ioannis Boukas and Damien Ernst and Thibaut Théate and Adrien Bolland and Alexandre Huynen and Martin Buchwald and Christelle Wynants and Bertrand Cornélusse},
      year={2020},
}

@ARTICLE{direct,
  author={Y. {Deng} and F. {Bao} and Y. {Kong} and Z. {Ren} and Q. {Dai}},
  journal={IEEE Transactions on Neural Networks and Learning Systems}, 
  title={Deep Direct Reinforcement Learning for Financial Signal Representation and Trading}, 
  year={2017}
}

@misc{doublebetter,
      title={Deep Reinforcement Learning with Double Q-learning}, 
      author={Hado van Hasselt and Arthur Guez and David Silver},
      year={2015}
}

@article{meta2,
  author    = {Omer Berat Sezer and
               M. Ugur Gudelek and
               Ahmet Murat {\"{O}}zbayoglu},
  title     = {Financial Time Series Forecasting with Deep Learning : {A} Systematic
               Literature Review: 2005-2019},
  journal   = {CoRR},
  year      = {2019},
}


@article{lautenschlager,
  title={OpenLUR: Off-the-shelf air pollution modeling with open features and machine learning},
  author={Florian Lautenschlager and M. Becker and Konstantin Kobs and M. Steininger and Padraig Davidson and A. Krause and A. Hotho},
  journal={Atmospheric Environment},
  year={2020},
}

@misc{repo1,
  author = {Husein Zolkepli},
  title = {Stock-Prediction-Models},
  year = {2018},
  journal = {GitHub Verzeichnis},
  howpublished = {\url{https://github.com/huseinzol05/Stock-Prediction-Models}},
  commit = {33266732b0b16188b565e0aeb6b24efa71161f6a}
}

@misc{repo2,
author = {Jiew Wan Tan},
title = {Deep Reinforcement Learning for Automated Stock Trading: An Ensemble Strategy},
year = {2019},
journal = {GitHub Verzeichnis},
  howpublished = {\url{https://github.com/AI4Finance-LLC/Deep-Reinforcement-Learning-for-Automated-Stock-Trading-Ensemble-Strategy-ICAIF-2020}},
  commit = {5dbb44dfcb8a01a94762dc44fca2bcb2c626d1dc}
}

@misc{paperrepo2,
 author = {Yang, Hongyang and Liu, Xiao-Yang and Zhong, Shan and Walid, Anwar}, 
 title = {Deep Reinforcement Learning for Automated Stock Trading: An Ensemble Strategy},
 year = {2020}
}

@misc{startrader,
author = {Yang, Hongyang and Liu, Xiao-Yang and Zhong, Shan and Walid, Anwar},
title = {Deep Reinforcement Learning for Automated Stock Trading: An Ensemble Strategy},
year = {2020},
journal = {GitHub Verzeichnis},
  howpublished = {\url{https://github.com/jiewwantan/StarTrader}},
  commit = {b81d5c37f9e06e740c61d9783750bb16fffdd33e}
}

@misc{kingma2017adam,
      title={Adam: A Method for Stochastic Optimization}, 
      author={Diederik P. Kingma and Jimmy Ba},
      year={2017},
}

@inproceedings{Rumelhart1986LearningIR,
  title={Learning internal representations by error propagation},
  author={D. Rumelhart and Geoffrey E. Hinton and R. J. Williams},
  year={1986}
}


@inproceedings{Lin1992ReinforcementLF,
  title={Reinforcement learning for robots using neural networks},
  author={L. Lin},
  year={1992}
}

@article{4531750,
  author={A. {Graves} and M. {Liwicki} and S. {Fernández} and R. {Bertolami} and H. {Bunke} and J. {Schmidhuber}},
  journal={IEEE Transactions on Pattern Analysis and Machine Intelligence}, 
  title={A Novel Connectionist System for Unconstrained Handwriting Recognition}, 
  year={2009},
}

@misc{lstm2,
author = {Patrick Doetsch und Michael Kozielski und Hermann Ney},
title = {Fast and robust training of recurrent neural networks for offline handwriting recognition.},
journal = {In 14th International Conference on Frontiers in Handwriting Recognition},
year = {2014}
}


@misc{luong2015addressing,
      title={Addressing the Rare Word Problem in Neural Machine Translation}, 
      author={Minh-Thang Luong and Ilya Sutskever and Quoc V. Le and Oriol Vinyals and Wojciech Zaremba},
      year={2015},
}

@inproceedings{hochre,
  title={Learning to Forget: Continual Prediction with Lstm Learning to Forget: Continual Prediction with Lstm},
  author={F. Gers and Juergen Schmidhuber and F. Cummins},
  year={1999}
}

@misc{Hochreiter:01book,
  author = {Hochreiter, S. and Bengio, Y. and Frasconi, P. and Schmidhuber, J.},
  publisher = {IEEE Press},
  title = {Gradient flow in recurrent nets: the difficulty of learning long-term dependencies},
  year = {2001}
}

@misc{duelwang,
author = {Wang, Ziyu and Freitas, Nando and Lanctot, Marc},
year = {2015},
title = {Dueling Network Architectures for Deep Reinforcement Learning}
}

@article{DBLP:journals/corr/HausknechtS15,
  author    = {Matthew J. Hausknecht and
               Peter Stone},
  title     = {Deep Recurrent Q-Learning for Partially Observable MDPs},
  journal   = {CoRR},
  year      = {2015},

}

@misc{metausa,
author = {Ryll, Lukas and Seidens, Sebastian},
year = {2019},
title = {Evaluating the Performance of Machine Learning Algorithms in Financial Market Forecasting: A Comprehensive Survey}
}

@article{turtle,
author = {Vezeris, Dimitrios and Karkanis, Ioannis and Kyrgos, Themistoklis},
title = {AdTurtle: An Advanced Turtle Trading System},
journal = {Journal of Risk and Financial Management},
year = {2019}
}

@article{WU2020142,
title = {Adaptive stock trading strategies with deep reinforcement learning methods},
journal = {Information Sciences},
year = {2020},
author = {Xing Wu and Haolei Chen and Jianjia Wang and Luigi Troiano and Vincenzo Loia and Hamido Fujita}
}

@article{konda,
author = {Konda, Vijay and Tsitsiklis, John},
year = {2001},
title = {Actor-Critic Algorithms},
journal = {Society for Industrial and Applied Mathematics}
}

@misc{lillicrap2019continuous,
      title={Continuous control with deep reinforcement learning}, 
      author={Timothy P. Lillicrap and Jonathan J. Hunt and Alexander Pritzel and Nicolas Heess and Tom Erez and Yuval Tassa and David Silver and Daan Wierstra},
      year={2019},
}

@misc{stockoil,
title = {The Relationship Between Stocks and Oil Prices},
author = {Ben S. Bernank},
year = {2016}
}

@book{seigel2020stocks,
  title={Stocks for the long run},
  author={Seigel, Jeremy J},
  year={2020},
  publisher={MGH}
}

@article{spillover,
author = {Sumner, Steven and Johnson, Robert and Soenen, Luc},
year = {2011},
title = {Spillover Effects Among Gold, Stocks, and Bonds},
journal = {Journal of CENTRUM Cathedra: The Business and Economics Research Journal}
}

@misc{covid19,
author = {Gupta M and Abdelmaksoud A and Jafferany M and Lotti T and Sadoughifar R and Goldust M.},
title = {COVID-19 and economy},
journal = {Dermatol Ther.},
year = {2020}
}

@misc{sprachmodellierung,
author = {Sundermeyer, Martin and Schlüter, Ralf and Ney, Hermann},
title = {LSTM neural networks for language modeling},
year = {2012}
}

@misc{merity2017regularizing,
      title={Regularizing and Optimizing LSTM Language Models}, 
      author={Stephen Merity and Nitish Shirish Keskar and Richard Socher},
      year={2017},
}

@article{Guo_Zhou_Li_Wang_2018, 
title={Hierarchical LSTM for Sign Language Translation},
journal={Proceedings of the AAAI Conference on Artificial Intelligence}, 
author={Guo, Dan and Zhou, Wengang and Li, Houqiang and Wang, Meng}, 
year={2018}
}

@misc{drawing,
howpublished = {\url{https://tex.stackexchange.com/questions/523603/latex-figure-for-deep-reinforcement-learning}}
}

@article{vix,
 author = {B. LeBaron},
 journal = {Journal of Applied Econometrics},
 publisher = {Wiley},
 title = {Forecast Improvements Using a Volatility Index},
 year = {1992}
}

@article{interest,
 author = {Bruno Solnik and Cyril Boucrelle and Yann Le Fur},
 journal = {Financial Analysts Journal},
 publisher = {CFA Institute},
 title = {International Market Correlation and Volatility},
 year = {1996}
}

@book{movingaverage,
author = {Chan, E. P.},
year = {2013},
title = {Algorithmic Trading: Winning Strategies and their Rationale},
journal = {Wiley}
}


@article{beta,
author = {Elsas, Ralf and El-Shaer, Mahmoud and Theissen, Erik},
year = {2000},
title = {Beta and Returns Revisited: Evidence From the German Stock Market},
journal = {Journal of International Financial Markets, Institutions and Money}
}

@article{clusterbranche,
author = {Oh, Gabjin},
year = {2014},
title = {Grouping characteristics of industry sectors in financial markets},
journal = {Physica A Statistical Mechanics and its Applications}
}

@article{corrindex,
author = {Shapira, Yoash and Kenett, Dror and Ben-Jacob, Eshel},
year = {2009},
title = {The Index cohesive effect on stock market correlations},
journal = {The European Physical Journal B}
}

@article{coronawhichbad,
author = {Chowdhury, Emon Kalyan and Khan, Iffat Ishrat and Dhar, Bablu Kumar},
title = {Catastrophic impact of Covid-19 on the global stock markets and economic activities},
journal = {Business and Society Review},
year = {2021}
}

@misc{hinton2012improving,
      title={Improving neural networks by preventing co-adaptation of feature detectors}, 
      author={Geoffrey E. Hinton and Nitish Srivastava and Alex Krizhevsky and Ilya Sutskever and Ruslan R. Salakhutdinov},
      year={2012},
}

@INPROCEEDINGS{dropout2,
  author={W. {Si} and J. {Li} and P. {Ding} and R. {Rao}},
  booktitle={2017 10th International Symposium on Computational Intelligence and Design (ISCID)}, 
  title={A Multi-objective Deep Reinforcement Learning Approach for Stock Index Future’s Intraday Trading}, 
  year={2017}
}


@article{improvementaction,
title = {Improving financial trading decisions using deep Q-learning: Predicting the number of shares, action strategies, and transfer learning},
journal = {Expert Systems with Applications},
year = {2019},
author = {Gyeeun Jeong and Ha Young Kim}
}

@article{earlystopping,
title = {Overfitting in Neural Nets: Backpropagation,Conjugate Gradient, and Early Stopping},
author = {Rich Caruana and Steve Lawrence and Lee Giles},
year = {2001}
}

@INPROCEEDINGS{recubetter,
  author={L. {Chen} and Q. {Gao}},
  booktitle={2019 IEEE 10th International Conference on Software Engineering and Service Science (ICSESS)}, 
  title={Application of Deep Reinforcement Learning on Automated Stock Trading}, 
  year={2019},
}

@misc{zamora2017extending,
      title={Extending the OpenAI Gym for robotics: a toolkit for reinforcement learning using ROS and Gazebo}, 
      author={Iker Zamora and Nestor Gonzalez Lopez and Victor Mayoral Vilches and Alejandro Hernandez Cordero},
      year={2017},
}

@misc{snoek2012practical,
      title={Practical Bayesian Optimization of Machine Learning Algorithms}, 
      author={Jasper Snoek and Hugo Larochelle and Ryan P. Adams},
      year={2012},
}

@article{bergstra2012random,
  title={Random search for hyper-parameter optimization.},
  author={Bergstra, James and Bengio, Yoshua},
  journal={Journal of machine learning research},
  year={2012}
}

 @InProceedings{pmlr-v32-hutter14, title = {An Efficient Approach for Assessing Hyperparameter Importance}, author = {Frank Hutter and Holger Hoos and Kevin Leyton-Brown}, booktitle = {Proceedings of the 31st International Conference on Machine Learning}, year = {2014}, 
  publisher = {PMLR} } 
  
  @inproceedings{ying2019overview,
  title={An overview of overfitting and its solutions},
  author={Ying, Xue},
  booktitle={Journal of Physics: Conference Series},
  volume={1168},
  year={2019}
}

@misc{zaremba2015recurrent,
      title={Recurrent Neural Network Regularization}, 
      author={Wojciech Zaremba and Ilya Sutskever and Oriol Vinyals},
      year={2015},
}

@book{10.5555/1671238,
  author = {Géron, Aurélien},
  publisher = {O'Reilly Media},
  title = {Hands-on machine learning with Scikit-Learn and TensorFlow : concepts, tools, and techniques to build intelligent systems},
  year = 2017
}

@article{vanhas, title={Deep Reinforcement Learning with Double Q-Learning}, journal={Proceedings of the AAAI Conference on Artificial Intelligence}, author={van Hasselt, Hado and Guez, Arthur and Silver, David}, year={2016}}

